<record><leader>00000cas a22000007a 4500</leader><controlfield tag="001">16902717</controlfield><controlfield tag="008">871027d19201928njuwr ne      0    0eng d</controlfield><datafield ind1=" " ind2=" " tag="010"><subfield code="a">sn 87068179 </subfield></datafield><datafield ind1=" " ind2=" " tag="040"><subfield code="a">NJW</subfield><subfield code="b">eng</subfield><subfield code="c">NJW</subfield><subfield code="d">OCLCQ</subfield></datafield><datafield ind1=" " ind2=" " tag="042"><subfield code="a">msc</subfield></datafield><datafield ind1="0" ind2=" " tag="130"><subfield code="a">Morristown topics (Morristown, N.J.)</subfield></datafield><datafield ind1="1" ind2="0" tag="245"><subfield code="a">Morristown topics.</subfield></datafield><datafield ind1=" " ind2=" " tag="260"><subfield code="a">Morristown, N.J. :</subfield><subfield code="b">Lawrence Merrell,</subfield><subfield code="c">1920-</subfield></datafield><datafield ind1=" " ind2=" " tag="310"><subfield code="a">Weekly</subfield></datafield><datafield ind1="0" ind2=" " tag="362"><subfield code="a">Vol. 1, no. 1 (Dec. 31, 1920)-</subfield></datafield><datafield ind1="1" ind2=" " tag="362"><subfield code="a">Ceased with Oct. 28, 1928 issue.</subfield></datafield><datafield ind1=" " ind2=" " tag="500"><subfield code="a">Published in Newark, N.J., Mar. 20, 1924-Oct. 4, 1928.</subfield></datafield><datafield ind1=" " ind2=" " tag="580"><subfield code="a">Continued in a magazine format with the same title.</subfield></datafield><datafield ind1=" " ind2=" " tag="752"><subfield code="a">United States</subfield><subfield code="b">New Jersey</subfield><subfield code="c">Morris</subfield><subfield code="d">Morristown.</subfield></datafield><datafield ind1=" " ind2=" " tag="752"><subfield code="a">United States</subfield><subfield code="b">New Jersey</subfield><subfield code="c">Essex</subfield><subfield code="d">Newark.</subfield></datafield><datafield ind1="1" ind2="0" tag="785"><subfield code="t">Morristown topics (Newark, N.J.)</subfield></datafield></record>